<?xml version="1.0" encoding="UTF-8"?><collection xmlns="http://www.loc.gov/MARC21/slim"><record><leader>00356nam--2200121-i-4500</leader><controlfield tag="001">000021201</controlfield><controlfield tag="002">20161230</controlfield><controlfield tag="005">20161230201034</controlfield><controlfield tag="008">060222s1000------------r-----000-0-eng-d</controlfield><datafield ind1=" " ind2=" " tag="100"><subfield code="a">Hildebrand, L</subfield></datafield><datafield ind1=" " ind2=" " tag="245"><subfield code="a">Amateur-elektronik. band ii: halbllllleitertechnik. selenelemente, dioden, transistoren ..</subfield></datafield><datafield ind1=" " ind2=" " tag="260"><subfield code="a">Berlin, J.Schneider, 1956, 60 P</subfield></datafield><datafield ind1=" " ind2=" " tag="852"><subfield code="a">12932</subfield></datafield></record></collection>